<record xmlns="http://www.loc.gov/MARC21/slim" xmlns:xsi="http://www.w3.org/2001/XMLSchema-instance" xsi:schemaLocation="http://www.loc.gov/MARC21/slim http://www.loc.gov/standards/marcxml/schema/MARC21slim.xsd"><leader>00949cz   2200205n  4500</leader><controlfield tag="001">oca00087015 </controlfield><controlfield tag="005">20011120064157.0</controlfield><controlfield tag="008">800929n| acannaabn          |a aaa      </controlfield><datafield ind1=" " ind2=" " tag="010"><subfield code="a">n  50052091 </subfield><subfield code="z">n  85344960 </subfield></datafield><datafield ind1=" " ind2=" " tag="040"><subfield code="a">DLC</subfield><subfield code="b">eng</subfield><subfield code="c">DLC</subfield><subfield code="d">DLC</subfield><subfield code="d">NjP</subfield><subfield code="d">INS-SF</subfield><subfield code="d">OCoLC</subfield></datafield><datafield ind1=" " ind2="0" tag="053"><subfield code="a">PA4226</subfield><subfield code="b">PA4228</subfield></datafield><datafield ind1="0" ind2=" " tag="100"><subfield code="a">Libanius</subfield></datafield><datafield ind1="0" ind2=" " tag="400"><subfield code="a">LivaniiÌ&#x86;</subfield></datafield><datafield ind1="0" ind2=" " tag="400"><subfield code="a">Libanios</subfield></datafield><datafield ind1="0" ind2=" " tag="400"><subfield code="a">Libanio</subfield></datafield><datafield ind1=" " ind2=" " tag="670"><subfield code="a">His Libanii Opera recensuit R. Foerster, 1903.</subfield></datafield><datafield ind1=" " ind2=" " tag="670"><subfield code="a">Cazeaux, J. Les eÌ&#x81;chos de la sophistique autour de Libanios, 1980:</subfield><subfield code="b">t.p., etc. (Libanios)</subfield></datafield><datafield ind1=" " ind2=" " tag="670"><subfield code="a">Enc. Brit., c1972:</subfield><subfield code="b">v. 13, p. 1016 (Libanius (314-393); Greek sophist and rhetorician, whose orations and letters are a major source for the political, social, and economic life of Antioch and of the eastern part of the Roman empire in the 4th cent., was born at Antioch, capital of Syria)</subfield></datafield><datafield ind1=" " ind2=" " tag="670"><subfield code="a">Papyros-Larous:</subfield><subfield code="b">(Livanios)</subfield></datafield><datafield ind1=" " ind2=" " tag="670"><subfield code="a">Sulla vendetta di Giuliano, c1994:</subfield><subfield code="b">t.p. (Libanio)</subfield></datafield></record>